%% Created using Papers on Fri, 19 Dec 2014.
%% http://papersapp.com/papers/

@article{Lau:2010ug,
author = {Lau, M and Saul, G and Mitani, J and Igarashi, T},
title = {{Modeling-in-context: user design of complementary objects with a single photo}},
journal = {EUROGRAPHICS Symposium on Sketch-Based Interfaces and Modeling},
year = {2010}
}

@article{Lo:2014fo,
author = {Lo, J and Girouard, A},
title = {{Fabricating Bendy: Design and Development of Deformable Prototypes}},
journal = {Pervasive Computing, IEEE},
year = {2014},
volume = {13},
number = {3},
pages = {40--46}
}

@inproceedings{Kolko:2012hz,
author = {Kolko, Beth and Hope, Alexis and Sattler, Brook and MacCorkle, Kate and Sirjani, Behzod},
title = {{Hackademia: building functional rather than accredited engineers}},
booktitle = {PDC '12: Proceedings of the 12th Participatory Design Conference: Research Papers},
year = {2012},
publisher = {~ACM  Request Permissions},
month = aug
}

@book{Follmer:2011jo,
author = {Follmer, Sean and Johnson, Micah and Adelson, Edward and Ishii, Hiroshi},
title = {{deForm: an interactive malleable surface for capturing 2.5D arbitrary objects, tools and touch}},
publisher = {ACM},
year = {2011},
series = {an interactive malleable surface for capturing 2.5D arbitrary objects, tools and touch},
address = {New York, New York, USA},
month = oct
}

@inproceedings{Willis:2011ks,
author = {Willis, Karl D D and Xu, Cheng and Wu, Kuan-Ju and Levin, Golan and Gross, Mark D},
title = {{Interactive fabrication: new interfaces for digital fabrication}},
booktitle = {TEI '11: Proceedings of the fifth international conference on Tangible, embedded, and embodied interaction},
year = {2011},
pages = {69},
publisher = {~ACM  Request Permissions},
address = {New York, New York, USA},
month = jan
}

@book{Willis:2010ec,
author = {Willis, Karl D D and Lin, Juncong and Mitani, Jun and Igarashi, Takeo},
title = {{Spatial sketch: bridging between movement {\&} fabrication}},
publisher = {ACM},
year = {2010},
series = {bridging between movement {\&} fabrication},
address = {New York, New York, USA},
month = jan
}

@inproceedings{Nousch:1999ih,
author = {Nousch, Mathias and Jung, Bernhard},
title = {{CAD on the World Wide Web: virtual assembly of furniture with BEAVER}},
booktitle = {VRML '99: Proceedings of the fourth symposium on Virtual reality modeling language},
year = {1999},
publisher = {~ACM 
									 Request Permissions},
month = feb
}

@inproceedings{Hurst:2013du,
author = {Hurst, Amy and Kane, Shaun},
title = {{Making "making" accessible}},
booktitle = {IDC '13: Proceedings of the 12th International Conference on Interaction Design and Children},
year = {2013},
publisher = {~ACM},
month = jun
}

@inproceedings{Ju:2002kg,
author = {Ju, Wendy and Bonanni, Leonardo and Fletcher, Richard and Hurwitz, Rebecca and Judd, Tilke and Post, Rehmi and Reynolds, Matthew and Yoon, Jennifer},
title = {{Origami Desk: integrating technological innovation and human-centric design}},
booktitle = {DIS '02: Proceedings of the 4th conference on Designing interactive systems: processes, practices, methods, and techniques},
year = {2002},
publisher = {~ACM},
month = jun
}

@article{Wakkary:2009p4280,
author = {Wakkary, Ron and Tanenbaum, Karen},
title = {{A Sustainable Identity: The Creativity of an Everyday Designer}},
journal = {CHI '09: Proceeding of the twenty-seventh annual SIGCHI conference on Human factors in computing systems},
year = {2009},
pages = {1--10},
month = jan
}

@article{Mori:2007ez,
author = {Mori, Yuki and Igarashi, Takeo and Mori, Yuki},
title = {{Plushie: an interactive design system for plush toys}},
journal = {ACM Transactions on Graphics (TOG)},
year = {2007},
volume = {26},
number = {3},
pages = {45},
month = jul
}

@inproceedings{Lee:2000dy,
author = {Lee, Jay and Su, Victor and Ren, Sandia and Ishii, Hiroshi},
title = {{HandSCAPE: a vectorizing tape measure for on-site measuring applications}},
booktitle = {CHI '00: Proceedings of the SIGCHI conference on Human factors in computing systems},
year = {2000},
pages = {137--144},
publisher = {ACM Press},
address = {New York, New York, USA}
}

@inproceedings{Saul:2011cy,
author = {Saul, Greg and Lau, Manfred and Mitani, Jun and Igarashi, Takeo},
title = {{SketchChair: an all-in-one chair design system for end users}},
booktitle = {TEI '11: Proceedings of the fifth international conference on Tangible, embedded, and embodied interaction},
year = {2011},
pages = {73--80},
publisher = {~ACM  Request Permissions},
address = {New York, New York, USA},
month = jan
}

@article{Zoran:du,
author = {Zoran, Amit and Shilkrot, Roy and Goyal, Pragun and Maes, Pattie and Paradiso, Joseph A},
title = {{The Wise Chisel: The Rise of the Smart Handheld Tool}},
journal = {IEEE Pervasive Computing},
volume = {13},
number = {3},
pages = {48--57}
}

@book{Guimbretiere:2003cb,
author = {Guimbreti{\`e}re, Fran{\c c}ois},
title = {{Paper augmented digital documents}},
publisher = {ACM},
year = {2003},
address = {New York, New York, USA},
month = nov
}

@phdthesis{Engelmann:vu,
author = {Engelmann, Francis},
title = {{FabScan: Affordable 3D Laser Scanning of Physical Objects}},
school = {hci.rwth-aachen.de},
address = {RWTH Aachen University}
}

@article{Eisenberg:2013hw,
author = {Eisenberg, Michael},
title = {{3D printing for children: What to build next?}},
journal = {International Journal of Child-Computer Interaction},
year = {2013},
volume = {1},
number = {1},
pages = {7--13},
month = jan
}

@inproceedings{Hudson:2014ha,
author = {Hudson, Scott E},
title = {{Printing Teddy Bears: A Technique for 3D Printing of Soft Interactive Objects}},
booktitle = {CHI'14: Proceedings of the SIGCHI Conference on Human Factors in Computing Systems},
year = {2014},
pages = {459--468},
publisher = {ACM Press},
address = {New York, New York, USA}
}

@book{Savage:2014ii,
author = {Savage, Valkyrie and Schmidt, Ryan and Grossman, Tovi and Fitzmaurice, George and Hartmann, Bj{\"o}rn},
title = {{A series of tubes: adding interactivity to 3D prints using internal pipes}},
publisher = {~ACM  Request Permissions},
year = {2014},
series = {adding interactivity to 3D prints using internal pipes},
address = {New York, New York, USA},
month = oct
}

@inproceedings{Mueller:2012bu,
author = {Mueller, Stefanie and Lopes, Pedro and Baudisch, Patrick},
title = {{Interactive construction: interactive fabrication of functional mechanical devices}},
booktitle = {UIST '12: Proceedings of the 25th annual ACM symposium on User interface software and technology},
year = {2012},
pages = {599--606},
publisher = {~ACM  Request Permissions},
address = {New York, New York, USA},
month = oct
}

@book{Ogawa:2012hr,
author = {Ogawa, Hideaki and Mara, Martina and Lindinger, Christopher and Gardiner, Matthew and Haring, Roland and Stolarsky, David and Ogawa, Emiko and H{\"o}rtner, Horst},
title = {{Shadowgram: a case study for social fabrication through interactive fabrication in public spaces}},
publisher = {ACM},
year = {2012},
series = {a case study for social fabrication through interactive fabrication in public spaces},
address = {New York, New York, USA},
month = feb
}

@incollection{OH:2006gf,
author = {Oh, Yeonjoo and Johnson, Gabe and Gross, Mark and Do, Ellen Yi-Luen},
title = {{The Designosaur and the Furniture Factory}},
booktitle = {Design Computing and Cognition},
year = {2006},
pages = {123--140},
publisher = {Springer Netherlands},
address = {Dordrecht},
month = jan
}

@phdthesis{Oster:rrWz-CXa,
author = {Oster, T},
title = {{Visicut: An application genre for lasercutting in personal fabrication}},
year = {2011}
}

@article{Umetani:2012gw,
author = {Umetani, Nobuyuki and Igarashi, Takeo and Mitra, Niloy J},
title = {{Guided exploration of physically valid shapes for furniture design}},
journal = {ACM Transactions on Graphics (TOG)},
year = {2012},
volume = {31},
number = {4},
pages = {86--11},
month = aug
}

@book{Jung:2002ks,
author = {Jung, Thomas and Gross, Mark D and Do, Ellen Yi-Luen},
title = {{Sketching annotations in a 3D web environment}},
publisher = {ACM},
year = {2002},
address = {New York, New York, USA},
month = apr
}

@article{Sass:2010cj,
author = {Sass, Lawrence},
title = {{Parametric Constructionist Kits: Physical Design and Delivery System for Rapid Prototyping Devices}},
journal = {International Journal of Architectural Computing},
year = {2010},
volume = {7},
number = {4},
pages = {623--642},
month = mar
}

@inproceedings{Tanaka:2013fv,
author = {Tanaka, Hiroya and Tominaka, Yusuke and Masumori, Atsushi and Oshima, Taisuke and Sekijima, Keita and Watanabe, Youka},
title = {{3D effects box for bridging 3D scan and 3D print}},
booktitle = {the 2013 ACM conference},
year = {2013},
pages = {959},
publisher = {ACM Press},
address = {New York, New York, USA}
}

@book{Hermans:2013js,
author = {Hermans, Guido},
title = {{Wordpress of objects: addressing layman participation in a post-industrial society}},
publisher = {ACM},
year = {2013},
series = {addressing layman participation in a post-industrial society},
address = {New York, New York, USA},
month = sep
}

@book{Watanabe:2014je,
author = {Watanabe, Chihiro and Cassinelli, Alvaro and Watanabe, Yoshihiro and Ishikawa, Masatoshi and Ishikawa, Masatoshi},
title = {{Generic method for crafting deformable interfaces to physically augment smartphones}},
publisher = {ACM},
year = {2014},
address = {New York, New York, USA},
month = apr
}

@article{Mourtzis:2013ig,
author = {Mourtzis, Dimitris and Papakostas, Nikolaos and Mavrikios, Dimitris and Makris, Sotiris and Alexopoulos, Kosmas},
title = {{The role of simulation in digital manufacturing: applications and outlook}},
journal = {dx.doi.org.ezproxy.rit.edu},
year = {2013},
pages = {1--22},
month = sep
}

@book{Zhu:2012wk,
author = {Zhu, L and Xu, W and Snyder, J and Liu, Y and Wang, G and Guo, B},
title = {{Motion-guided mechanical toy modeling.}},
publisher = {ACM Trans. Graph.},
year = {2012}
}

@inproceedings{Tanenbaum:2013ji,
author = {Tanenbaum, Joshua G and Williams, Amanda M and Desjardins, Audrey and Tanenbaum, Karen},
title = {{Democratizing technology: pleasure, utility and expressiveness in DIY and maker practice}},
booktitle = {CHI '13: Proceedings of the SIGCHI Conference on Human Factors in Computing Systems},
year = {2013},
publisher = {~ACM  Request Permissions},
month = apr
}

@incollection{Khan:2011fq,
author = {Khan, Wasim Ahmed and Raouf, Abdul and Cheng, Kai},
title = {{Augmented Reality for Computer Numerical Control-Based Applications}},
booktitle = {Virtual Manufacturing},
year = {2011},
pages = {127--302},
publisher = {Springer London},
address = {London},
month = jan
}

@inproceedings{Swaminathan:2014hu,
author = {Swaminathan, Saiganesh and Shi, Conglei and Jansen, Yvonne and Dragicevic, Pierre and Oehlberg, Lora A and Fekete, Jean-Daniel},
title = {{Supporting the design and fabrication of physical visualizations}},
booktitle = {CHI'14: Proceedings of the SIGCHI Conference on Human Factors in Computing Systems},
year = {2014},
pages = {3845--3854},
publisher = {ACM Press},
address = {New York, New York, USA}
}

@book{Bimber:1999p1418,
author = {Bimber, Oliver},
title = {{Rudiments for a 3D freehand sketch based human-computer interface for immersive virtual enviroments}},
publisher = {ACM},
year = {1999},
address = {New York, New York, USA},
month = dec
}

@book{Bardzell:2014ho,
author = {Bardzell, Jeffrey and Bardzell, Shaowen and Toombs, Austin},
title = {{"Now that's definitely a proper hack": self-made tools in hackerspaces}},
publisher = {ACM},
year = {2014},
series = {self-made tools in hackerspaces},
address = {New York, New York, USA},
month = apr
}

@article{Zhang:2010di,
author = {Zhang, J and Ong, S K and Nee, A Y C},
title = {{Development of an AR system achieving in situ machining simulation on a 3-axis CNC machine}},
journal = {Computer Animation and Virtual Worlds},
year = {2010},
volume = {21},
number = {2},
pages = {103--115},
month = mar
}

@article{Chang:2009de,
author = {Chang, Samuel Hsiao-Heng and Stuart, Lachlan and Plimmer, Beryl and W{\"u}nsche, Burkhard},
title = {{Origami simulator: a multi-touch experience}},
journal = {CHI EA '09: CHI '09 Extended Abstracts on Human Factors in Computing Systems},
year = {2009},
month = apr
}

@article{Zhang:2010kr,
author = {Zhang, J and Ong, S K and Nee, A Y C},
title = {{A multi-regional computation scheme in an AR-assisted in situ CNC simulation environment}},
journal = {Computer-Aided Design},
year = {2010},
volume = {42},
number = {12},
pages = {1167--1177},
month = dec
}

@inproceedings{Mueller:2014er,
author = {Mueller, Stefanie and Mohr, Tobias and Guenther, Kerstin and Frohnhofen, Johannes and Baudisch, Patrick},
title = {{faBrickation: Fast 3D Printing of Functional Objects by Integrating Construction Kit Building Blocks}},
booktitle = {CHI'14: Proceedings of the SIGCHI Conference on Human Factors in Computing Systems},
year = {2014},
pages = {3827--3834},
publisher = {ACM Press},
address = {New York, New York, USA}
}

@inproceedings{Shen:2014bg,
author = {Shen, Yuebo and Dou, Keqin and Gu, Jiawei},
title = {{RoCuModel: an iterative tangible modeling system}},
booktitle = {TEI '14: Proceedings of the 8th International Conference on Tangible, Embedded and Embodied Interaction},
year = {2014},
publisher = {~ACM  Request Permissions},
month = feb
}

@book{Mueller:2014ex,
author = {Mueller, Stefanie and Im, Sangha and Gurevich, Serafima and Teibrich, Alexander and Pfisterer, Lisa and Guimbreti{\`e}re, Fran{\c c}ois and Baudisch, Patrick},
title = {{WirePrint: 3D printed previews for fast prototyping}},
publisher = {ACM},
year = {2014},
series = {3D printed previews for fast prototyping},
address = {New York, New York, USA},
month = oct
}

@inproceedings{Kawahara:2013kh,
author = {Kawahara, Yoshihiro and Hodges, Steve and Cook, Benjamin S and Zhang, Cheng and Abowd, Gregory D},
title = {{Instant inkjet circuits: lab-based inkjet printing to support rapid prototyping of UbiComp devices}},
booktitle = {UbiComp '13: Proceedings of the 2013 ACM international joint conference on Pervasive and ubiquitous computing},
year = {2013},
pages = {363--372},
publisher = {~ACM  Request Permissions},
address = {New York, New York, USA},
month = sep
}

@inproceedings{Saul:2010fv,
author = {Saul, Greg and Xu, Cheng and Gross, Mark D},
title = {{Interactive paper devices: end-user design {\&} fabrication}},
booktitle = {the fourth international conference},
year = {2010},
pages = {205--212},
publisher = {ACM},
address = {New York, New York, USA},
month = jan
}

@book{Agrawala:1995bn,
author = {Agrawala, Maneesh and Beers, Andrew C and Levoy, Marc},
title = {{3D painting on scanned surfaces}},
publisher = {ACM},
year = {1995},
address = {New York, New York, USA},
month = apr
}

@inproceedings{Mueller:2013ff,
author = {Mueller, Stefanie and Kruck, Bastian and Baudisch, Patrick},
title = {{LaserOrigami: laser-cutting 3D objects}},
booktitle = {CHI '13: Proceedings of the SIGCHI Conference on Human Factors in Computing Systems},
year = {2013},
publisher = {~ACM  Request Permissions},
month = apr
}

@phdthesis{Johnson:2012uo,
author = {Johnson, Gabe},
title = {{Sketch-based Interaction for Designing Precise Laser Cut Items}},
year = {2012},
address = {Carnegie Mellon University},
month = sep
}

@book{Chan:kn,
author = {Chan, L K Y and Lau, H Y K},
title = {{A tangible user interface using spatial Augmented Reality}},
publisher = {IEEE}
}

@inproceedings{Plumed:2013bu,
author = {Plumed, Raquel and {Pedro Company} and Varley, Peter A C and Martin, Ralph R},
title = {{From sketches to CAM models: perceiving pockets and steps in single-view wireframe sketches of polyhedral shapes}},
booktitle = {UbiComp '13 Adjunct: Proceedings of the 2013 ACM conference on Pervasive and ubiquitous computing adjunct publication},
year = {2013},
pages = {951--958},
publisher = {~ACM  Request Permissions},
address = {New York, New York, USA},
month = sep
}

@inproceedings{Underkoffler:1999fm,
author = {Underkoffler, John and Ishii, Hiroshi},
title = {{Urp: a luminous-tangible workbench for urban planning and design}},
booktitle = {CHI '99: Proceedings of the SIGCHI conference on Human Factors in Computing Systems},
year = {1999},
pages = {386--393},
publisher = {~ACM  Request Permissions},
address = {New York, New York, USA},
month = may
}

@book{Bimber:2005ti,
author = {Bimber, Oliver and Raskar, Ramesh},
title = {{Spatial Augmented Reality: Merging Real and Virtual Worlds}},
publisher = {A K Peters/CRC Press},
year = {2005}
}

@article{Rivers:2012ff,
author = {Rivers, Alec and Moyer, Ilan E and Durand, Fr{\'e}do},
title = {{Position-correcting tools for 2D digital fabrication}},
journal = {ACM Transactions on Graphics},
year = {2012},
volume = {31},
number = {4},
pages = {1--7},
month = jul
}

@article{Rivers:2012hz,
author = {Rivers, Alec and Adams, Andrew and Durand, Fr{\'e}do},
title = {{Sculpting by numbers}},
journal = {ACM Transactions on Graphics},
year = {2012},
volume = {31},
number = {6},
pages = {1},
month = nov
}

@article{Sanders:2008iy,
author = {Sanders, Elizabeth B N and Stappers, Pieter Jan},
title = {{Co-creation and the new landscapes of design}},
journal = {CoDesign},
year = {2008},
volume = {4},
number = {1},
pages = {5--18},
month = mar
}

@article{Huber:2014ge,
author = {Huber, Jochen},
title = {{A Research Overview of Mobile Projected User Interfaces}},
journal = {Informatik-Spektrum},
year = {2014},
pages = {1--10},
month = jun
}

@inproceedings{Song:2010gu,
author = {Song, Hyunyoung and Guimbretiere, F and Grossman, T},
title = {{MouseLight: bimanual interactions on digital paper using a pen and a spatially-aware mobile projector}},
booktitle = {Proceedings of the {\ldots}},
year = {2010}
}

@inproceedings{Mellis:2012ba,
author = {Mellis, David A and Buechley, Leah},
title = {{Case studies in the personal fabrication of electronic products}},
booktitle = {the Designing Interactive Systems Conference},
year = {2012},
pages = {268},
publisher = {ACM Press},
address = {New York, New York, USA}
}

@inproceedings{Khot:2014gm,
author = {Khot, Rohit Ashok and Hjorth, Larissa and Mueller, Florian 'Floyd'},
title = {{Understanding physical activity through 3D printed material artifacts}},
booktitle = {CHI'14: Proceedings of the SIGCHI Conference on Human Factors in Computing Systems},
year = {2014},
pages = {3835--3844},
publisher = {ACM Press},
address = {New York, New York, USA}
}

@inproceedings{Mellis:2013bn,
author = {Mellis, David and Follmer, Sean and Hartmann, Bj{\"o}rn and Buechley, Leah and Gross, Mark D},
title = {{FAB at CHI}},
booktitle = {CHI '13 Extended Abstracts on Human Factors in Computing Systems},
year = {2013},
pages = {3307--3310},
publisher = {ACM Press},
address = {New York, New York, USA}
}

@inproceedings{Hartmann:2010it,
author = {Hartmann, Bj{\"o}rn and Morris, Meredith Ringel and Benko, Hrvoje and Wilson, Andrew D},
title = {{Pictionaire: supporting collaborative design work by integrating physical and digital artifacts}},
booktitle = {CSCW '10: Proceedings of the 2010 ACM conference on Computer supported cooperative work},
year = {2010},
publisher = {~ACM  Request Permissions},
month = feb
}

@inproceedings{Wilson:2010bv,
author = {Wilson, Andrew D},
title = {{Using a depth camera as a touch sensor}},
booktitle = {ITS '10: International Conference on Interactive Tabletops and Surfaces},
year = {2010},
pages = {69--72},
publisher = {~ACM  Request Permissions},
address = {New York, New York, USA},
month = nov
}

@book{Murer:2014eja,
author = {Murer, Martin and Jacobsson, Mattias and Skillgate, Siri and Sundstr{\"o}m, Petra},
title = {{Taking things apart: reaching common ground and shared material understanding}},
publisher = {ACM},
year = {2014},
series = {reaching common ground and shared material understanding},
address = {New York, New York, USA},
month = apr
}

@inproceedings{Lyons:2013jc,
author = {Lyons, Kent and Nguyen, David H and Seko, Shigeyuki and White, Sean and Ashbrook, Daniel and Profita, Halley},
title = {{BitWear: a platform for small, connected, interactive devices}},
booktitle = {UIST '13 Adjunct: Proceedings of the adjunct publication of the 26th annual ACM symposium on User interface software and technology},
year = {2013},
pages = {73--74},
publisher = {~ACM},
month = oct
}

@article{Buechley:2012ju,
author = {Buechley, Leah and Perner-Wilson, Hannah},
title = {{Crafting technology: Reimagining the processes, materials, and cultures of electronics}},
journal = {Transactions on Computer-Human Interaction (TOCHI)},
year = {2012},
volume = {19},
number = {3},
month = oct
}

@article{Shneiderman:1983ce,
author = {Shneiderman, B},
title = {{Direct Manipulation: A Step Beyond Programming Languages}},
journal = {Computer},
year = {1983},
volume = {16},
number = {8},
pages = {57--69}
}

@article{Payne:2011ut,
author = {Payne, A},
title = {{A five-axis robotic motion controller for designers}},
journal = {{\ldots} of the Association for Computer Aided Design {\ldots}},
year = {2011}
}

@article{Landay:2009fy,
author = {Landay, James A},
title = {{Technical perspective: Design tools for the rest of us}},
journal = {Communications of the ACM},
year = {2009},
volume = {52},
number = {12},
pages = {80--80},
month = dec
}

@article{Hutchins:1985wu,
author = {Hutchins, E.L. and Hollan, J.D. and Norman, D.A.},
title = {{Direct manipulation interfaces}},
journal = {Human-Computer Interaction},
year = {1985},
volume = {1},
number = {4},
pages = {311--338}
}

@inproceedings{Izadi:2011ws,
author = {Izadi, Shahram and Kim, David and Hilliges, Otmar and Molyneaux, David and Newcombe, Richard and Kohli, Pushmeet and Shotton, Jamie and Hodges, Steve and Freeman, Dustin and Davison, Andrew and Fitzgibbon, Andrew},
title = {{KinectFusion: Real-time 3D Reconstruction and Interaction Using a Moving Depth Camera}},
booktitle = {ACM symposium on User interface software and technology (UIST)},
year = {2011},
pages = {559--568},
month = jan
}

@article{Zoran:2014fp,
author = {Zoran, Amit and Shilkrot, Roy and Nanyakkara, Suranga and Paradiso, Joseph},
title = {{The Hybrid Artisans: A Case Study in Smart Tools}},
journal = {Transactions on Computer-Human Interaction (TOCHI)},
year = {2014},
volume = {21},
number = {3},
month = jun
}

@article{Mellis:hw,
author = {Mellis, D A},
title = {{Do-It-Yourself Fabrication of Electronic Devices}},
journal = {Pervasive Computing, IEEE},
year = {2014},
volume = {13},
number = {3},
pages = {22--29}
}

@inproceedings{Follmer:2012br,
author = {Follmer, Sean and Ishii, Hiroshi},
title = {{KidCAD: digitally remixing toys through tangible tools}},
booktitle = {CHI '12: Proceedings of the SIGCHI Conference on Human Factors in Computing Systems},
year = {2012},
publisher = {~ACM  Request Permissions},
month = may
}

@inproceedings{Lau:2013hc,
author = {Lau, Manfred and Weichel, Christian and Villar, Nicolas},
title = {{Workshop on personal and pervasive fabrication (PerFab 2013)}},
booktitle = {the 2013 ACM conference},
year = {2013},
pages = {939--944},
publisher = {ACM Press},
address = {New York, New York, USA}
}

@article{Nielsen:1993kq,
author = {Nielsen, J},
title = {{Iterative user-interface design}},
journal = {Computer},
year = {1993},
volume = {26},
number = {11},
pages = {32--41}
}

@article{Schwartzburg:2013ed,
author = {Schwartzburg, Yuliy and Pauly, Mark},
title = {{Fabrication-aware Design with Intersecting Planar Pieces}},
journal = {Computer Graphics Forum},
year = {2013},
volume = {32},
number = {2pt3},
pages = {317--326},
month = may
}

@article{Schmidt:2013fc,
author = {Schmidt, R and Ratto, M},
title = {{Design-to-Fabricate: Maker Hardware Requires Maker Software}},
journal = {Computer Graphics and Applications, IEEE},
year = {2013},
volume = {33},
number = {6},
pages = {26--34}
}

@article{Sinha:2001p6053,
author = {Sinha, Anoop and Klemmer, Scott and Chen, Jack and Landay, James and Chen, Cindy},
title = {{SUEDE: iterative, informal prototyping for speech interfaces}},
journal = {CHI '01: CHI '01 extended abstracts on Human factors in computing systems},
year = {2001},
month = mar
}

@inproceedings{Follmer:2010il,
author = {Follmer, Sean and Carr, David and Lovell, Emily and Ishii, Hiroshi},
title = {{CopyCAD: remixing physical objects with copy and paste from the real world}},
booktitle = {UIST '10: Adjunct proceedings of the 23nd annual ACM symposium on User interface software and technology},
year = {2010},
pages = {381--382},
publisher = {~ACM},
address = {New York, New York, USA},
month = oct
}

@incollection{Takeuchi:2014ep,
author = {Takeuchi, Yusuke and Sugimoto, Masanori},
title = {{Interacting with 3D Model on Tabletop and Mobile Paper Projection}},
booktitle = {Collaboration Technologies and Social Computing},
year = {2014},
pages = {111--118},
publisher = {Springer Berlin Heidelberg},
address = {Berlin, Heidelberg},
month = jan
}

@inproceedings{Zoran:2013im,
author = {Zoran, Amit and Paradiso, Joseph A},
title = {{FreeD: a freehand digital sculpting tool}},
booktitle = {the SIGCHI Conference},
year = {2013},
pages = {2613--2616},
publisher = {ACM Press},
address = {New York, New York, USA}
}

@article{Kawahara:2014gv,
author = {Kawahara, Y and Hodges, S and Gong, Nan-Wei and Olberding, S and Steimle, J},
title = {{Building Functional Prototypes Using Conductive Inkjet Printing}},
journal = {Pervasive Computing, IEEE},
year = {2014},
volume = {13},
number = {3},
pages = {30--38}
}

@article{Blauvelt:2006ui,
author = {Blauvelt, G and Eisenberg, M},
title = {{Computer aided design of mechanical automata: Engineering education for children}},
journal = {International Conference on Education and Technology},
year = {2006}
}

@inproceedings{Weichel:2014ed,
author = {Weichel, Christian and Lau, Manfred and Kim, David and Villar, Nicolas and Gellersen, Hans W},
title = {{MixFab: A Mixed-Reality Environment for Personal Fabrication}},
booktitle = {CHI'14: Proceedings of the SIGCHI Conference on Human Factors in Computing Systems},
year = {2014},
pages = {3855--3864},
publisher = {ACM Press},
address = {New York, New York, USA}
}

@article{Olwal:2008ba,
author = {Olwal, A and Gustafsson, J},
title = {{Spatial augmented reality on industrial CNC-machines}},
year = {2008},
pages = {680409--680409--9},
month = feb
}

@incollection{Zhou:2014ip,
author = {Zhou, Yun and Xu, Tao and David, Bertrand and Chalon, Ren{\'e}},
title = {{Where Is Mobile Projection Interaction Going? The Past, Present and Future of the Mobile Projected Interface}},
booktitle = {Human-Computer Interaction. Applications and Services},
year = {2014},
pages = {189--198},
publisher = {Springer International Publishing},
address = {Cham},
month = jan
}

@inproceedings{Weichel:2013kn,
author = {Weichel, Christian and Lau, Manfred and Gellersen, Hans},
title = {{Enclosed: a component-centric interface for designing prototype enclosures}},
booktitle = {TEI '13: Proceedings of the 7th International Conference on Tangible, Embedded and Embodied Interaction},
year = {2013},
publisher = {~ACM  Request Permissions},
month = feb
}

@article{Ratto:2012ik,
author = {Ratto, Matt and Ree, Robert},
title = {{Materializing information: 3D printing and social change}},
journal = {First Monday},
year = {2012},
volume = {17},
number = {7},
month = jun
}

@book{Ishiguro:2014hra,
author = {Ishiguro, Yoshio and Poupyrev, Ivan},
title = {{3D printed interactive speakers}},
publisher = {ACM},
year = {2014},
address = {New York, New York, USA},
month = apr
}

@book{Song:2006gy,
author = {Song, Hyunyoung and Guimbreti{\`e}re, Fran{\c c}ois and Hu, Chang and Lipson, Hod},
title = {{ModelCraft: capturing freehand annotations and edits on physical 3D models}},
publisher = {ACM},
year = {2006},
series = {capturing freehand annotations and edits on physical 3D models},
address = {New York, New York, USA},
month = oct
}

@inproceedings{Saakes:2013cm,
author = {Saakes, Daniel and Cambazard, Thomas and Mitani, Jun and Igarashi, Takeo},
title = {{PacCAM: material capture and interactive 2D packing for efficient material usage on CNC cutting machines}},
booktitle = {UIST '13 Proceedings of the 26th annual ACM symposium on User interface software and technology},
year = {2013},
pages = {441--446},
publisher = {ACM},
month = oct
}

@inproceedings{Benko:2012dz,
author = {Benko, Hrvoje and Jota, Ricardo and Wilson, Andrew},
title = {{MirageTable: freehand interaction on a projected augmented reality tabletop}},
booktitle = {the 2012 ACM annual conference},
year = {2012},
pages = {199--208},
publisher = {ACM},
address = {New York, New York, USA},
month = may
}

@article{Masry:2005dp,
author = {Masry, M and Kang, D and Lipson, H},
title = {{A freehand sketching interface for progressive construction of 3D objects}},
journal = {Computers {\&} Graphics},
year = {2005},
volume = {29},
number = {4},
pages = {563--575},
month = aug
}

@article{Cali:2012cb,
author = {Cal{\`\i}, Jacques and Calian, Dan A and Amati, Cristina and Kleinberger, Rebecca and Steed, Anthony and Kautz, Jan and Weyrich, Tim},
title = {{3D-printing of non-assembly, articulated models}},
journal = {ACM Transactions on Graphics},
year = {2012},
volume = {31},
number = {6},
pages = {1},
month = nov
}

@article{Lau:2012bx,
author = {Lau, M and Mitani, J and Igarashi, T},
title = {{Digital Fabrication}},
journal = {Computer},
year = {2012},
volume = {45},
number = {12},
pages = {76--79}
}

@book{Lipson:2013va,
author = {Lipson, Hod and Kurman, Melba},
title = {{Fabricated}},
publisher = {John Wiley {\&} Sons},
year = {2013},
series = {The New World of 3D Printing},
month = feb
}

@inproceedings{vanAmeijde:2012vz,
author = {van Ameijde, Jeroen and Carlin, Brendon},
title = {{Digital Construction: Automated design and construction experiments using customised on-site digital devices}},
booktitle = {Physical Digitality: Proceedings of the 30th eCAADe Conference},
year = {2012}
}

@article{Hartmann:2006p6051,
author = {Hartmann, Bj{\"o}rn and Klemmer, Scott and Bernstein, Michael and Abdulla, Leith and Burr, Brandon and Robinson-Mosher, Avi and Gee, Jennifer},
title = {{Reflective physical prototyping through integrated design, test, and analysis}},
journal = {UIST '06: Proceedings of the 19th annual ACM symposium on User interface software and technology},
year = {2006},
month = oct
}

@inproceedings{Schneegass:2014ip,
author = {Schneegass, Stefan and Sahami Shirazi, Alireza and D{\"o}ring, Tanja and Schmid, David and Schmidt, Albrecht},
title = {{NatCut: An Interactive Tangible Editor for Physical Object Fabrication}},
booktitle = {CHI '14 Extended Abstracts on Human Factors in Computing Systems},
year = {2014},
pages = {1441--1446},
publisher = {ACM Press},
address = {New York, New York, USA}
}

@phdthesis{Carr:2011vu,
author = {Carr, David},
title = {{Print Preview for the Fabrication of Physical Objects}},
year = {2011},
address = {Massachusetts Institute of Technology},
month = aug
}

@article{Yamashita:2013gh,
author = {Yamashita, M M and Yamaoka, J and Kakehi, Y},
title = {{enchanted scissors: a scissor interface for support in cutting and interactive fabrication}},
journal = {ACM SIGGRAPH 2013 Posters},
year = {2013},
month = jul
}

@article{Lau:2011iw,
author = {Lau, Manfred and Ohgawara, Akira and Mitani, Jun and Igarashi, Takeo},
title = {{Converting 3D furniture models to fabricatable parts and connectors}},
journal = {SIGGRAPH '11: SIGGRAPH 2011 papers},
year = {2011},
volume = {30},
number = {4},
pages = {1},
month = aug
}

@book{Johnson:2012gu,
author = {Buxton, Bill},
title = {{Sketching User Experiences: Getting the Design Right and the Right Design}},
publisher = {Morgan Kaufmann},
year = {2010},
series = {Getting the Design Right and the Right Design},
month = jul
}

@inproceedings{Lindtner:2014eg,
author = {Lindtner, Silvia and Hertz, Garnet D and Dourish, Paul},
title = {{Emerging sites of HCI innovation: hackerspaces, hardware startups {\&} incubators}},
booktitle = {CHI'14: Proceedings of the SIGCHI Conference on Human Factors in Computing Systems},
year = {2014},
publisher = {~ACM  Request Permissions},
month = apr
}

@incollection{Zhou:2011ia,
author = {Zhou, Jianlong and Lee, Ivan and Thomas, Bruce H and Sansome, Andrew and Menassa, Roland},
title = {{Facilitating Collaboration with Laser Projector-Based Spatial Augmented Reality in Industrial Applications}},
booktitle = {Recent Trends of Mobile Collaborative Augmented Reality Systems},
year = {2011},
pages = {161--173},
publisher = {Springer New York},
address = {New York, NY},
month = jan
}

